<?xml version="1.0" encoding="UTF-8"?><collection><record><leader>06894ntm a2200565 a 4500</leader><controlfield tag="001">005990641</controlfield><controlfield tag="003">MiAaHDL</controlfield><controlfield tag="005">20190719000000.0</controlfield><controlfield tag="006">m        d        </controlfield><controlfield tag="007">cr bn ---auaua</controlfield><controlfield tag="008">090409q15uu16uuxx            00| ||ara d</controlfield><datafield tag="035" ind1=" " ind2=" "><subfield code="a">(MiU)005990641</subfield></datafield><datafield tag="035" ind1=" " ind2=" "><subfield code="a">sdr-miu005990641</subfield></datafield><datafield tag="040" ind1=" " ind2=" "><subfield code="a">MiU</subfield><subfield code="c">MiU</subfield><subfield code="e">amremm</subfield></datafield><datafield tag="043" ind1=" " ind2=" "><subfield code="a">n-us-mi</subfield></datafield><datafield tag="100" ind1="0" ind2=" "><subfield code="6">880-01</subfield><subfield code="a">Kemalpaşazade,</subfield><subfield code="d">1468 or 1469-1534.</subfield></datafield><datafield tag="245" ind1="1" ind2="0"><subfield code="6">880-02</subfield><subfield code="a">[Īḍāḥ fī sharḥ al-Iṣlāḥ fī al-fiqh al-Ḥanafī,</subfield><subfield code="f">late 16th or early 17th century?].</subfield></datafield><datafield tag="246" ind1="3" ind2=" "><subfield code="i">Title from inscription on p.1:</subfield><subfield code="a">ايضاح اصلاح لابن كمال الوزير</subfield></datafield><datafield tag="246" ind1="3" ind2=" "><subfield code="i">Title from fore-edge flap label:</subfield><subfield code="a">اصلاح ايضاح لابن الكمال</subfield></datafield><datafield tag="260" ind1=" " ind2=" "><subfield code="c">[15-- or 16--?].</subfield></datafield><datafield tag="300" ind1=" " ind2=" "><subfield code="a">304 leaves</subfield><subfield code="b">paper ;</subfield><subfield code="c">198 x 150 (145 x 81) mm. bound to 198 x 160 mm.</subfield></datafield><datafield tag="500" ind1=" " ind2=" "><subfield code="a">Shelfmark: Ann Arbor, University of Michigan, Special Collections Library, Isl. Ms. 57</subfield></datafield><datafield tag="500" ind1=" " ind2=" "><subfield code="a">Origin: Lacks dated colophon. Paper would suggest late 16th or early 17th century.</subfield></datafield><datafield tag="500" ind1=" " ind2=" "><subfield code="a">Accompanying materials: A few scraps of paper carrying glosses, etc. (paginated pp.139-140, pp.235-236, pp.265-266) ; very small scrap between pp.268-269 carries former owner's mark and seal impression.</subfield></datafield><datafield tag="500" ind1=" " ind2=" "><subfield code="a">Former shelfmark: British Museum, London "No. 12. Al-Islah, with commentary."</subfield></datafield><datafield tag="500" ind1=" " ind2=" "><subfield code="a">Binding: Pasteboards covered in dark brown leather ; Type II binding (with flap) ; board linings in laid paper, hinges in marbled paper (red, orange, blue, etc.) ; upper and lower covers bear blind-stamped scalloped mandorla with vegetal composition (compare Déroche class. OSd 8), along with frame in series of s-shaped stamps flanked by blind-tooled fillets ; sewn in red thread, two stations ; chevron endbands in black and red, fair condition ; in quite poor condition with much abrasion, moisture damage, cracking and lifting of leather, losses to fore-edge flap, delamination of boards, envelop flap detaching from fore-edge flap, etc. ; repairs in various leathers and paper.</subfield></datafield><datafield tag="500" ind1=" " ind2=" "><subfield code="a">Support: European laid paper with 9-10 laid lines per cm. (vertical) and chain lines spaced roughly 32 mm. apart ; anchor in circle watermark (compare Heawood 7).</subfield></datafield><datafield tag="500" ind1=" " ind2=" "><subfield code="a">Decoration: Section headings rubricated ; text being commented upon overlined in red ; written area surrounded by red rule-border (opening through p.197).</subfield></datafield><datafield tag="500" ind1=" " ind2=" "><subfield code="a">Script: Naskh with influence of nastaʻlīq ; at least two Turkish (possibly Persian) hands ; initial hand sans serif with effect of tilt to the right and of words descending to baseline, often exaggerated contrast in thickness of horizontal and vertical strokes ; second hand (from p.183 to close) similar though line is certainly thinner ; kāf mashkūlah preferred with bar (shaqq) appearing on even final kāf ; mainly closed counters ; ligature for kāf followed by alif, with alif curving up to meet the bar of the kāf (shaqq) forming a closed loop.</subfield></datafield><datafield tag="500" ind1=" " ind2=" "><subfield code="a">Layout: Written in 19 lines per page ; frame-ruled.</subfield></datafield><datafield tag="500" ind1=" " ind2=" "><subfield code="a">Collation: i, V-1 (9), 16 V(169), IV (177), 8 V(257), IV (265), 3 V(295), V-1 (304) ; chiefly quinions ; no catchwords present, but last word of final line on the verso of each leaf repeated at first of initial line on following recto ; foliation in black ink, Hindu-Arabic numerals (begins with ۱ on incipit page, p.4) ; pagination in pencil, Western numerals (supplied during digitization, includes flyleaves and inserts, mistakenly repeats two pages (skips from p.243 to p.242 and continues), mistakenly skips two pages between pp.447-448).</subfield></datafield><datafield tag="500" ind1=" " ind2=" "><subfield code="a">Explicit: "وانما قال في الاختيار لانه يحل اكل الميتة في الاضطرار والله اعلم بالصواب واله المرجع والمآب تم"</subfield></datafield><datafield tag="500" ind1=" " ind2=" "><subfield code="a">Incipit: "احمده على الهداية والوقاية في البداية والنهاية واشكره على ما انعم علي من التوفيق والعناية ... اما بعد فغير خاف على ذوي البصائر اي المختصر الموسوم بالوقاية ... وسميت المتن بالاصلاح تضمنه اصلاح ما في الوقاية من الذلل والشرح بالايضاح لاشتماله على ايضاح ما في الشرح المذكور من الخلل ..."</subfield></datafield><datafield tag="500" ind1=" " ind2=" "><subfield code="a">Title supplied by cataloguer.</subfield></datafield><datafield tag="500" ind1=" " ind2=" "><subfield code="a">Ms. codex.</subfield></datafield><datafield tag="510" ind1="4" ind2=" "><subfield code="a">Brockelmann, C. GAL</subfield><subfield code="c">II, 449-451 ; I 376-378 ; SI 646</subfield></datafield><datafield tag="520" ind1="8" ind2=" "><subfield code="a">Clear copy of the author's own commentary on his Iṣlāḥ al-Wiqāyah, corrections to the commentary by Ṣadr al-Sharīʻah al-Aṣghar ʻUbayd Allāh ibn Masʻūd al-Maḥbūbī on the work of his grandfather Burhān al-Sharīʻah Maḥmūd ibn Ṣadr al-Sharīʻah al-Awwal, Wiqāyat al-riwāyah. Preceded by table of contents.</subfield></datafield><datafield tag="538" ind1=" " ind2=" "><subfield code="a">Mode of access: Internet.</subfield></datafield><datafield tag="541" ind1=" " ind2=" "><subfield code="c">Purchase ;</subfield><subfield code="a">Acquired by purchase along with Abdul Hamid Collection (funds donated by Horace Rackham).</subfield><subfield code="d">1924.</subfield></datafield><datafield tag="546" ind1=" " ind2=" "><subfield code="a">Arabic.</subfield></datafield><datafield tag="561" ind1=" " ind2=" "><subfield code="a">Bookplate of British Museum, London on upper cover, "British Museum, London. No. 12. Al-Islah, with commentary." ; circular seal impression with figure of goat/gazelle in purple ink as well as inscription "324" in Western numerals on opening leaf (p.1) ; on blue-tinted paper pasted on 'title page' (p.3), a detailed waqf statement in the name of al-Sayyid ʻAbd Allāh Adīb (Abdullah Edip), known as Jannatʹzādah (Cennet-zade), qāḍī of Erzurum, accompanied by his seal, reads: "وقفت وقفا صحيحا شرعيا على ان لا يخرج من بيت الكتب الملتصق بداري الا لعلماء سكنوا بارضروم بكفيل مرعى اورهن قوي وانا الفقير السيد عبد الله اديب الشهير بجنت زاده القاضي بمدينة ارضروم في سنة اثنى وستين ومائتين والف" ; marginal and interlinear corrections and glosses ; numerous notabilia (side-heads) throughout ; former owner's mark and octagonal seal impression on scrap between pp.268-269 ; effaced ownership statement on p.612.</subfield></datafield><datafield tag="600" ind1="0" ind2="0"><subfield code="a">Kemalpaşazade,</subfield><subfield code="d">1468 or 9-1534.</subfield><subfield code="t">Iṣlāḥ al-Wiqāyah.</subfield></datafield><datafield tag="600" ind1="1" ind2="0"><subfield code="a">Maḥbūbī, ʻUbayd Allāh ibn Masʻūd,</subfield><subfield code="d">-1346 or 1347.</subfield><subfield code="t">Sharḥ al-Wiqāyah.</subfield></datafield><datafield tag="650" ind1=" " ind2="0"><subfield code="a">Manuscripts, Arabic</subfield><subfield code="z">Michigan</subfield><subfield code="z">Ann Arbor.</subfield></datafield><datafield tag="650" ind1=" " ind2="0"><subfield code="a">Islamic law</subfield><subfield code="v">Early works to 1800.</subfield></datafield><datafield tag="650" ind1=" " ind2="0"><subfield code="a">Hanafites</subfield><subfield code="v">Early works to 1800.</subfield></datafield><datafield tag="700" ind1="0" ind2="2"><subfield code="6">880-05</subfield><subfield code="a">Kemalpaşazade,</subfield><subfield code="d">1468 or 1469-1534.</subfield><subfield code="t">Iṣlāḥ al-Wiqāyah.</subfield></datafield><datafield tag="773" ind1="0" ind2=" "><subfield code="a">Tiflis Collection.</subfield></datafield><datafield tag="880" ind1="0" ind2="2"><subfield code="6">700-05/</subfield><subfield code="a">كمال باشازاده،</subfield><subfield code="d">1468 أو 9-1534.</subfield><subfield code="t">إصلاح الوقاية.</subfield></datafield><datafield tag="880" ind1="1" ind2="0"><subfield code="6">245-02/</subfield><subfield code="a">[ايضاح في شرح الاصلاح في الفقه الحنفي,</subfield><subfield code="f">اواخر القرن 16م أو اوائل القرن 17م؟].</subfield></datafield><datafield tag="880" ind1="1" ind2=" "><subfield code="6">100-01/</subfield><subfield code="a">كمال باشازاده.</subfield></datafield><datafield tag="CID" ind1=" " ind2=" "><subfield code="a">005990641</subfield></datafield><datafield tag="DAT" ind1="0" ind2=" "><subfield code="a">20190719102634.0</subfield><subfield code="b">20190719000000.0</subfield></datafield><datafield tag="DAT" ind1="1" ind2=" "><subfield code="a">20190719090653.0</subfield><subfield code="b">2019-07-19T16:11:09Z</subfield></datafield><datafield tag="DAT" ind1="2" ind2=" "><subfield code="a">2015-10-10T18:00:06Z</subfield></datafield><datafield tag="CAT" ind1=" " ind2=" "><subfield code="a">SDR-MIU</subfield><subfield code="d">EX LIBRIS - ALEPH</subfield><subfield code="l">prepare.pl-004-008</subfield></datafield><datafield tag="FMT" ind1=" " ind2=" "><subfield code="a">BK</subfield></datafield><datafield tag="HOL" ind1=" " ind2=" "><subfield code="0">sdr-miu005990641</subfield><subfield code="a">MiU</subfield><subfield code="b">SDR</subfield><subfield code="c">MIU</subfield><subfield code="p">mdp.39015079105402</subfield><subfield code="s">MIU</subfield><subfield code="1">005990641</subfield></datafield><datafield tag="974" ind1=" " ind2=" "><subfield code="b">MIU</subfield><subfield code="c">MIU</subfield><subfield code="d">20190719</subfield><subfield code="s">lit-dlps-dc</subfield><subfield code="u">mdp.39015079105402</subfield><subfield code="y">1699</subfield><subfield code="r">pd</subfield><subfield code="q">bib</subfield><subfield code="t">non-US bib date2 &lt; 1879</subfield></datafield></record></collection>